<?xml version="1.0" encoding="UTF-8"?><collection xmlns="http://www.loc.gov/MARC21/slim"><record><leader>00539nam--2200181-i-4500</leader><controlfield tag="001">000043102</controlfield><controlfield tag="002">20161230</controlfield><controlfield tag="005">20161230201043</controlfield><controlfield tag="008">060222s1000------------r-----000-0-ger-d</controlfield><datafield ind1=" " ind2=" " tag="040"><subfield code="a">IFIN-HH</subfield></datafield><datafield ind1=" " ind2=" " tag="080"><subfield code="a">539.143.43:547</subfield></datafield><datafield ind1="1" ind2=" " tag="100"><subfield code="a">Suhr,Harald</subfield></datafield><datafield ind1="1" ind2="0" tag="245"><subfield code="a">Anwendung der kernmagnetischen resonanz in der organischen chemie</subfield><subfield code="c">Harald suhr</subfield></datafield><datafield ind1=" " ind2=" " tag="260"><subfield code="a">Berlin</subfield><subfield code="b">Springer-verlag</subfield><subfield code="c">1965</subfield></datafield><datafield ind1=" " ind2=" " tag="300"><subfield code="a">VIII + 424 P</subfield></datafield><datafield ind1=" " ind2=" " tag="490"><subfield code="a">Organische Chemie In Einseldarstellungen</subfield><subfield code="v">Band 8</subfield></datafield><datafield ind1=" " ind2=" " tag="852"><subfield code="a">25682</subfield><subfield code="c">539.143.43</subfield></datafield><datafield ind1=" " ind2=" " tag="CAT"><subfield code="a">Sys</subfield><subfield code="c">20120420</subfield><subfield code="h">141606</subfield></datafield></record></collection>